% This file was created with JabRef 2.10.
% Encoding: Cp1252


@InCollection{aaberge_colombino_2014,
  Title                    = {{Labour Supply Models}},
  Author                   = {Rolf Aaberge and Ugo Colombino},
  Booktitle                = {{Handbook of Microsimulation}},
  Publisher                = {Emerald Group Publishing Limited},
  Year                     = {2014},
  Editor                   = {Cathal O'Donoghue},
  Pages                    = {167--221},
  Volume                   = {293},

  Owner                    = {mlo},
  Timestamp                = {2015.01.11}
}

@Article{aaberge_colombino_2013,
  Title                    = {{Using a Microeconometric Model of Household Labour Supply to Design Optimal Income Taxes}},
  Author                   = {Rolf Aaberge and Ugo Colombino},
  Journal                  = {The Scandinavian Journal of Economics},
  Number                   = {2},
  Volume                   = {115},
  Year                     = {2013},
  Doi                      = {10.1111/sjoe.12015},
  Month                    = {April},

  Bdsk-url-1               = {http://dx.doi.org/10.1111/sjoe.12015},
  Date-modified            = {2014-05-13 10:31:49 +0200},
  Owner                    = {root},
  Timestamp                = {2013.09.11}
}

@Article{aaberge_colombino_2011,
  Title                    = {{Empirical Optimal Income Taxation: A Microeconometric Application to Norway}},
  Author                   = {Aaberge, Rolf and Ugo Colombino},
  Journal                  = {ChilD Working Papers},
  Volume                   = {16/2011},
  Year                     = {2011},

  Date-added               = {2012-04-19 11:13:24 +0200},
  Date-modified            = {2014-05-13 10:31:43 +0200}
}

@Article{aaberge_colombino_2006,
  Title                    = {{Designing Optimal Taxes with a Microeconometric Model of Household Labour Supply}},
  Author                   = {Aaberge, Rolf and Ugo Colombino},
  Journal                  = {Discussion Papers Statistics Norway},
  Volume                   = {475},
  Year                     = {2006},

  Date-added               = {2011-12-27 16:52:35 +0100},
  Date-modified            = {2014-05-13 10:31:32 +0200}
}

@Article{aaberge_etal_2004,
  Title                    = {{Do more equal slices shrink the cake? An empirical investigation of tax-transfer reform proposals in Italy}},
  Author                   = {Aaberge, Rolf and Ugo Colombino and Steinar Str{\o}m},
  Journal                  = {Journal of Population Economics},
  Pages                    = {767-785},
  Volume                   = {17},
  Year                     = {2004},

  Date-added               = {2011-11-24 18:00:17 +0100},
  Date-modified            = {2014-05-13 10:32:26 +0200}
}

@Article{aaberge_etal_2000,
  Title                    = {{Labor supply responses and welfare effects from replacing current tax rules by a flat tax: Emipircal evidence from Italy, Norway and Sweden}},
  Author                   = {Aaberge, Rolf and Ugo Colombino and Steinar Str{\o}m},
  Journal                  = {Journal of Population Economics},
  Pages                    = {595-621},
  Volume                   = {13},
  Year                     = {2000},

  Date-added               = {2011-12-05 16:38:03 +0100},
  Date-modified            = {2014-05-13 10:32:19 +0200}
}

@Article{aaberge_etal_1999,
  Title                    = {{Labour Supply in Italy: An Empirical Analysis of Joint Houshold Decisions, with Taxes and Quantity Constraints}},
  Author                   = {Aaberge, Rolf and Ugo Colombino and Steinar Str{\o}m},
  Journal                  = {Journal of Applied Econometrics},
  Number                   = {4},
  Pages                    = {403-422},
  Volume                   = {14},
  Year                     = {1999},
  Doi                      = {10.1002/(SICI)1099-1255(199907/08)14:4<403::AID-JAE520>3.0.CO;2-4},
  Month                    = {July/August},

  Bdsk-url-1               = {http://dx.doi.org/10.1002/(SICI)1099-1255(199907/08)14:4%3C403::AID-JAE520%3E3.0.CO;2-4},
  Date-added               = {2011-12-03 20:02:57 +0100},
  Date-modified            = {2014-05-13 10:32:05 +0200}
}

@Article{aaberge_etal_2009,
  Title                    = {{Evaluating Alternative Representations of the Choice Sets in Models of Labor Supply}},
  Author                   = {Aaberge, Rolf and Ugo Colombino and Tom Wennemo},
  Journal                  = {Journal of Economic Surveys},
  Number                   = {3},
  Pages                    = {586-612},
  Volume                   = {23},
  Year                     = {2009},

  Date-added               = {2011-10-12 20:06:40 +0200},
  Date-modified            = {2014-05-13 10:32:31 +0200}
}

@Article{aaberge_etal_1995,
  Title                    = {{Labor Supply Responses and Welfare Effects of Tax Reforms}},
  Author                   = {Aaberge, Rolf and John K. Dagsvik and Steinar Str{\o}m},
  Journal                  = {The Scandinavian Journal of Economics},
  Number                   = {4},
  Pages                    = {635-659},
  Volume                   = {97},
  Year                     = {1995},

  Date-added               = {2011-10-12 11:46:05 +0200},
  Date-modified            = {2014-05-13 10:31:55 +0200}
}

@InCollection{alesina_etal_2006,
  Title                    = {{Work and Leisure in the United States and Europe: Why So Different?}},
  Author                   = {Alberto F. Alesina and Edward L. Glaeser and Bruce Sacerdote},
  Booktitle                = {NBER Macroeconomics Annual 2005},
  Publisher                = {MIT Press},
  Year                     = {2006},
  Pages                    = {1-64},
  Volume                   = {20},

  Date-modified            = {2014-02-24 20:05:49 +0100},
  Owner                    = {ape},
  Timestamp                = {2014.01.10}
}

@Article{arntz_etal_2003,
  Title                    = {{Die Arbeitsangebotseffekte der neuen Mini- und Midijobs -- eine ex-ante Evaluation}},
  Author                   = {Melanie Arntz and Michael Feil and Alexander Spermann},
  Journal                  = {Mitteilungen aus der Arbeitsmarkt- und Berufsforschung},
  Number                   = {3},
  Pages                    = {271-290},
  Volume                   = {36},
  Year                     = {2003},

  Date-added               = {2012-04-28 18:29:31 +0200},
  Date-modified            = {2012-04-28 18:31:15 +0200}
}

@Article{arrufat_zabalza_1986,
  Title                    = {{Female Labor Supply with Taxation, Random Preferences, and Optimization Erorrs}},
  Author                   = {J. L. Arrufat and Antoni Zabalza},
  Journal                  = {Econometrica},
  Number                   = {1},
  Pages                    = {47-63},
  Volume                   = {54},
  Year                     = {1986},
  Month                    = {January},

  Date-added               = {2012-04-04 23:28:24 +0200},
  Date-modified            = {2014-05-13 10:32:45 +0200}
}

@Article{ashenfelter_1980,
  Title                    = {{Unemployment as disequilibrium in a model of aggregate labor supply}},
  Author                   = {Orley Ashenfelter},
  Journal                  = {Econometrica},
  Number                   = {3},
  Pages                    = {547-564},
  Volume                   = {48},
  Year                     = {1980},
  Month                    = {April},

  Date-added               = {2012-04-20 21:08:13 +0200},
  Date-modified            = {2014-05-13 10:32:51 +0200}
}

@Article{bargain_2009,
  Title                    = {Flexible labor supply models},
  Author                   = {Olivier Bargain},
  Journal                  = {Economics Letters},
  Number                   = {1},
  Pages                    = {103-105},
  Volume                   = {105},
  Year                     = {2009},

  Owner                    = {root},
  Timestamp                = {2013.08.27}
}

@Article{bargain_etal_2010,
  Title                    = {``Making work pay'' in a rationed labor market},
  Author                   = {Olivier Bargain and Marco Caliendo and Peter Haan and Kristian Orsini},
  Journal                  = {Journal of Population Economics},
  Number                   = {1},
  Pages                    = {323-351},
  Volume                   = {23},
  Year                     = {2010},
  Month                    = {January},

  Date-added               = {2012-04-19 16:06:23 +0200},
  Date-modified            = {2014-05-13 12:06:55 +0200}
}

@Article{bargain_orsini_2006,
  Title                    = {{In-work policies in Europe: Killing two birds with one stone?}},
  Author                   = {Olivier Bargain and Kristian Orsini},
  Journal                  = {Labour Economics},
  Number                   = {6},
  Pages                    = {667-697},
  Volume                   = {13},
  Year                     = {2006},
  Month                    = {December},

  Date-added               = {2012-05-01 21:59:24 +0200},
  Date-modified            = {2014-05-13 10:33:39 +0200}
}

@Article{bargain_etal_2014,
  Title                    = {{Comparing Labor Supply Elasticities in Europe and the US: New Results}},
  Author                   = {Olivier Bargain and Kristian Orsini and Andreas Peichl},
  Journal                  = {Journal of Human Resources},
  Number                   = {3},
  Pages                    = {723--838},
  Volume                   = {49},
  Year                     = {2014},

  Date-added               = {2013-01-10 22:29:26 +0100},
  Date-modified            = {2014-05-13 10:50:08 +0200}
}

@Article{bargain_etal_2012,
  Title                    = {{Comparing Labor Supply Elasticities in Europe and the US: New Results}},
  Author                   = {Olivier Bargain and Kristian Orsini and Andreas Peichl},
  Journal                  = {IZA Discussion Papers},
  Volume                   = {6735},
  Year                     = {2012},
  Month                    = {July},

  Date-added               = {2013-01-10 22:29:26 +0100},
  Date-modified            = {2014-05-13 10:33:34 +0200}
}

@Article{bargain_etal_2011,
  Title                    = {{Labor Supply Elasticities in Europe and the US}},
  Author                   = {Olivier Bargain and Kristian Orsini and Andreas Peichl},
  Journal                  = {IZA Discussion Papers},
  Volume                   = {5820},
  Year                     = {2011},
  Month                    = {June},

  Date-added               = {2012-04-28 18:07:39 +0200},
  Date-modified            = {2014-05-13 10:33:24 +0200}
}

@Article{bargain_peichl_2013,
  Title                    = {{Steady-State Labor Supply Elasticities: An International Comparison}},
  Author                   = {Olivier Bargain and Andreas Peichl},
  Journal                  = {IZA Discussion Paper},
  Volume                   = {7698},
  Year                     = {2013},
  Month                    = {November},

  Date-modified            = {2014-05-13 10:33:50 +0200},
  Owner                    = {root},
  Timestamp                = {2013.05.10}
}

@Book{ben-akiva_lerman_1985,
  Title                    = {Discrete Choice Analysis},
  Author                   = {Moshe Ben-Akiva and Steven R. Lerman},
  Publisher                = {The MIT Press},
  Year                     = {1985},

  Address                  = {Cambridge, Massachusetts},

  Owner                    = {root},
  Timestamp                = {2013.09.11}
}

@Article{berger_etal_2011,
  Title                    = {{Behavioural Microsimulation and Female Labour Supply in Luxembourg}},
  Author                   = {Fr{\'e}d{\'e}ric Berger and Nizamul Islam and Philippe Li{\'e}geois},
  Journal                  = {Brussels Economic Review},
  Number                   = {4},
  Pages                    = {389-420},
  Volume                   = {54},
  Year                     = {2011},

  Date-added               = {2013-01-14 11:54:57 +0100},
  Date-modified            = {2014-05-13 10:34:00 +0200}
}

@Article{bingley_walker_1997,
  Title                    = {{The Labour Supply, Unemployment and Participation of Lone Mothers in In-Work Transfer Programmes}},
  Author                   = {Paul Bingley and Ian Walker},
  Journal                  = {The Economic Journal},
  Pages                    = {1375-1390},
  Volume                   = {107},
  Year                     = {1997},

  Date-added               = {2012-04-20 16:48:49 +0200},
  Date-modified            = {2014-05-13 10:34:09 +0200}
}

@InCollection{blanchard_2007,
  Title                    = {{Comment on ``Do Taxes Explain European Employment? Indivisible Labor, Human Capital, Lotteries, and Savings'' (by L. Ljungqvist and T. J. Sargent)}},
  Author                   = {Blanchard, O.},
  Booktitle                = {NBER Macroeconomics Annual 2006},
  Publisher                = {MIT Press},
  Year                     = {2007},
  Pages                    = {225-232},
  Volume                   = {21},

  Date-modified            = {2014-02-24 20:05:12 +0100},
  HowPublished             = {NBER Macroeconomics Conference, 2006},
  Owner                    = {ape},
  Timestamp                = {2014.01.10}
}

@Article{bloemen_2008,
  Title                    = {{Job Search, Hours Restrictions, and Desired Hours of Work}},
  Author                   = {Hans G. Bloemen},
  Journal                  = {Journal of Labor Economics},
  Number                   = {1},
  Pages                    = {137-179},
  Volume                   = {26},
  Year                     = {2008},
  Month                    = {January},

  Date-added               = {2012-04-30 16:07:47 +0200},
  Date-modified            = {2014-05-13 10:34:37 +0200}
}

@Article{bloemen_2000,
  Title                    = {A model of labour supply with job offer restrictions},
  Author                   = {Hans G. Bloemen},
  Journal                  = {Labour Economics},
  Number                   = {3},
  Pages                    = {297-312},
  Volume                   = {7},
  Year                     = {2000},
  Month                    = {May},

  Date-added               = {2012-04-20 16:43:05 +0200},
  Date-modified            = {2012-04-20 16:43:36 +0200}
}

@Article{bloemen_kapteyn_2008,
  Title                    = {The estimation of utility-consistent labor supply models by means of simulated scores},
  Author                   = {Hans G. Bloemen and Arie Kapteyn},
  Journal                  = {Journal of Applied Econometrics},
  Number                   = {4},
  Pages                    = {395-422},
  Volume                   = {23},
  Year                     = {2008},

  Date-added               = {2013-01-14 12:03:54 +0100},
  Date-modified            = {2013-01-14 12:04:52 +0100}
}

@Article{blomquist_hansson-brusewitz_1990,
  Title                    = {{The Effect of Taxes on Male and Female Labor Supply in Sweden}},
  Author                   = {S{\"o}ren Blomquist and Urban Hansson-Brusewitz},
  Journal                  = {Journal of Human Resources},
  Number                   = {3},
  Pages                    = {317-357},
  Volume                   = {25},
  Year                     = {1990},

  Date-added               = {2013-01-19 21:56:39 +0100},
  Date-modified            = {2014-05-13 10:34:51 +0200}
}

@Article{blundell_etal_2009,
  Title                    = {{Optimal Income Taxation of Lone Mothers: An Empirical Comparison of the UK and Germany}},
  Author                   = {Richard Blundell and Mike Brewer and Peter Haan and Andrew Shephard},
  Journal                  = {The Economic Journal},
  Number                   = {2},
  Volume                   = {119},
  Year                     = {2009},
  Month                    = {February},

  Date-modified            = {2014-05-13 10:35:16 +0200},
  Owner                    = {root},
  Timestamp                = {2013.02.13}
}

@Article{blundell_etal_2000,
  Title                    = {{The Labour Market Impact of the Working Families' Tax Credit}},
  Author                   = {Richard Blundell and Alan Duncan and Julian McCrae and Costas Meghir},
  Journal                  = {Fiscal Studies},
  Number                   = {1},
  Pages                    = {75-104},
  Volume                   = {21},
  Year                     = {2000},

  Date-added               = {2012-04-03 15:41:10 +0200},
  Date-modified            = {2014-05-13 10:35:04 +0200}
}

@Article{blundell_etal_1999,
  Title                    = {{Evaluating In-Work Benefit Reform: the Working Families Tax Credit in the UK}},
  Author                   = {Richard Blundell and Alan Duncan and Julian McCrae and Costas Meghir},
  Year                     = {1999},
  Month                    = {November},
  Note                     = {paper presented at the Joint Center for Poverty Research conference, Northwestern University},

  Date-added               = {2012-04-03 15:41:10 +0200},
  Date-modified            = {2014-05-13 10:35:00 +0200},
  Timestamp                = {2012.09.25}
}

@Article{blundell_etal_1987,
  Title                    = {{Unemployment and Female Labour Supply}},
  Author                   = {Richard Blundell and John Ham and Costas Meghir},
  Journal                  = {The Economic Journal},
  Number                   = {388a},
  Pages                    = {44-64},
  Volume                   = {97},
  Year                     = {1987},

  Date-added               = {2012-04-20 16:57:13 +0200},
  Date-modified            = {2014-05-13 10:34:55 +0200}
}

@InCollection{blundell_etal_2007,
  Title                    = {{Labor Supply Models: Unobserved Heterogeneity, Nonparticipation and Dynamics}},
  Author                   = {Richard Blundell and Thomas MaCurdy and Costas Meghir},
  Booktitle                = {Handbook of Econometrics},
  Publisher                = {Elsevier},
  Year                     = {2007},
  Chapter                  = {69},
  Editor                   = {James J. Heckman and Edward Leamer},
  Pages                    = {4667-4775},
  Volume                   = {6a},

  Date-modified            = {2014-05-13 10:35:08 +0200},
  Owner                    = {root},
  Timestamp                = {2013.01.30}
}

@InCollection{blundell_macurdy_1999,
  Title                    = {{Labor Supply: A Review of Alternative Approaches}},
  Author                   = {Richard Blundell and Thomas E. MaCurdy},
  Booktitle                = {Handbook of Labor Economics},
  Publisher                = {North-Holland},
  Year                     = {1999},

  Address                  = {Amsterdam},
  Editor                   = {O. Ashenfelter and D. Card},

  Date-added               = {2012-03-12 12:13:45 +0100},
  Date-modified            = {2014-05-13 10:35:21 +0200}
}

@Article{blundell_shephard_2012,
  Title                    = {{Employment, Hours of Work and the Optimal Taxation of Low-Income Families}},
  Author                   = {Richard Blundell and Andrew Shephard},
  Journal                  = {Review of Economic Studies},
  Number                   = {2},
  Pages                    = {481-510},
  Volume                   = {79},
  Year                     = {2012},

  Date-modified            = {2014-05-13 10:35:29 +0200},
  Owner                    = {root},
  Timestamp                = {2013.01.30}
}

@Article{boeters_savard_2011,
  Title                    = {{The Labour Market in CGE Models}},
  Author                   = {Stefan Boeters and Luc Savard},
  Journal                  = {CPB Discussion Papers},
  Volume                   = {201},
  Year                     = {2011},

  Date-added               = {2012-04-22 16:57:17 +0200},
  Date-modified            = {2014-05-13 10:35:37 +0200}
}

@Article{bonin_schneider_2006,
  Title                    = {Analytical prediction of transition probabilities in the conditional logit model},
  Author                   = {Holger Bonin and Hilmar Schneider},
  Journal                  = {Economics Letters},
  Number                   = {1},
  Pages                    = {102-107},
  Volume                   = {90},
  Year                     = {2006},
  Month                    = {January},

  Date-added               = {2012-04-04 22:51:03 +0200},
  Date-modified            = {2012-04-04 22:53:32 +0200}
}

@Book{borjas_2010,
  Title                    = {Labor Economics},
  Author                   = {George J. Borjas},
  Publisher                = {McGraw-Hill/Irwin},
  Year                     = {2010},
  Edition                  = {Fifth},

  Date-added               = {2012-04-03 16:10:42 +0200},
  Date-modified            = {2012-04-03 16:12:00 +0200}
}

@Article{borjas_1980,
  Title                    = {{The Relationship between Wages and Weekly Hours of Work: The Role of Division Bias}},
  Author                   = {Borjas, George J.},
  Journal                  = {Journal of Human Resources},
  Number                   = {3},
  Pages                    = {409-423},
  Volume                   = {15},
  Year                     = {1980},

  Date-modified            = {2014-05-13 10:35:51 +0200},
  Owner                    = {root},
  Timestamp                = {2013.01.23}
}

@Article{box_cox_1964,
  Title                    = {{An Analysis of Transformations}},
  Author                   = {George E. P. Box and David R. Cox},
  Journal                  = {Journal of the Royal Statistical Society, Series B},
  Number                   = {2},
  Pages                    = {211-252},
  Volume                   = {26},
  Year                     = {1964},

  Date-added               = {2012-03-15 00:09:36 +0100},
  Date-modified            = {2014-05-13 10:36:02 +0200}
}

@Article{box_tidwell_1962,
  Title                    = {{Transformation of the Independent Variables}},
  Author                   = {George E. P. Box and Paul W. Tidwell},
  Journal                  = {Technometrics},
  Number                   = {4},
  Pages                    = {531-550},
  Volume                   = {4},
  Year                     = {1962},
  Month                    = {November},

  Date-added               = {2012-03-15 00:12:28 +0100},
  Date-modified            = {2014-05-13 10:36:09 +0200}
}

@Article{breunig_etal_2008,
  Title                    = {{Improving the Modelling of Couples' Labour Supply}},
  Author                   = {Robert Breunig and Deborah A. Cobb-Clark and Xiaodong Gong},
  Journal                  = {Economic Record},
  Number                   = {267},
  Pages                    = {466-485},
  Volume                   = {84},
  Year                     = {2008},
  Month                    = {December},

  Date-modified            = {2014-05-13 10:36:13 +0200},
  Owner                    = {root},
  Timestamp                = {2013.08.27}
}

@Article{brewer_etal_2006,
  Title                    = {{Did working families' tax credit work? The impact of in-work support on labour supply in Great Britain}},
  Author                   = {Mike Brewer and Alan Duncan and Andrew Shephard and Mar{\'\i}a Jos{\'e} Su{\'a}rez},
  Journal                  = {Labour Economics},
  Number                   = {6},
  Pages                    = {699--720},
  Volume                   = {13},
  Year                     = {2006},

  Date-added               = {2013-01-19 22:08:22 +0100},
  Date-modified            = {2014-05-13 10:36:18 +0200}
}

@Article{burtless_hausman_1978,
  Title                    = {{The Effect of Taxation on Labor Supply: Evaluating the Gary Negative Income Tax Experiment}},
  Author                   = {Gary Burtless and Jerry A. Hausman},
  Journal                  = {The Journal of Political Economy},
  Number                   = {6},
  Pages                    = {1103-1130},
  Volume                   = {86},
  Year                     = {1978},
  Month                    = {December},

  Date-added               = {2012-03-12 12:01:30 +0100},
  Date-modified            = {2014-05-13 10:36:25 +0200}
}

@Article{callan_vansoest_1996,
  Title                    = {{Family Labour Supply and Taxes in Ireland}},
  Author                   = {Tim Callan and van Soest, Arthur},
  Journal                  = {ESRI Working Papers},
  Volume                   = {78},
  Year                     = {1996},

  Date-added               = {2011-12-07 17:19:03 +0100},
  Date-modified            = {2014-05-13 10:36:31 +0200}
}

@Article{chetty_2012,
  Title                    = {{Bounds on Elasticities with Optimization Frictions: A Synthesis of Micro and Macro Evidence on Labor Supply}},
  Author                   = {Raj Chetty},
  Journal                  = {Econometrica},
  Number                   = {3},
  Pages                    = {969-1018},
  Volume                   = {80},
  Year                     = {2012},

  Date-modified            = {2014-05-13 10:36:40 +0200},
  Owner                    = {root},
  Timestamp                = {2013.11.05}
}

@Article{chetty_etal_2011,
  Title                    = {{Are Micro and Macro Labor Supply Elasticities Consistent? A Review of Evidence on the Intensive and Extensive Margins}},
  Author                   = {Raj Chetty and Adam Guren and Day Manoli and Andrea Weber},
  Journal                  = {American Economic Review: Papers and Proceedings},
  Number                   = {3},
  Pages                    = {471-475},
  Volume                   = {101},
  Year                     = {2011},
  Doi                      = {10.1257/aer.101.3.471},
  Month                    = {May},

  Bdsk-url-1               = {http://dx.doi.org/10.1257/aer.101.3.471},
  Date-modified            = {2014-05-13 10:47:53 +0200},
  Owner                    = {ape},
  Timestamp                = {2014.01.09}
}

@Article{chiou_walker_2007,
  Title                    = {{Masking identification of discrete choice models under simulation methods}},
  Author                   = {Lesley Chiou and Joan L. Walker},
  Journal                  = {Journal of Econometrics},
  Number                   = {2},
  Pages                    = {683-703},
  Volume                   = {141},
  Year                     = {2007},
  Doi                      = {10.1016/j.jeconom.2006.10.012},
  Month                    = {December},

  Bdsk-url-1               = {http://dx.doi.org/10.1016/j.jeconom.2006.10.012},
  Date-modified            = {2014-05-13 10:38:15 +0200},
  Owner                    = {root},
  Timestamp                = {2014.02.24}
}

@Article{christensen_etal_1971,
  Title                    = {Conjugate duality and the transcendental logarithmic function},
  Author                   = {Laurits R. Christensen and Dale W. Jorgenson and Lawrence J. Lau},
  Journal                  = {Econometrica},
  Number                   = {4},
  Pages                    = {255-256},
  Volume                   = {39},
  Year                     = {1971},
  Month                    = {July},

  Date-added               = {2012-04-05 14:46:59 +0200},
  Date-modified            = {2012-04-05 14:48:02 +0200}
}

@Article{colombino_2011,
  Title                    = {{Five Issues in the Design of Income Support Mechanisms: The Case of Italy}},
  Author                   = {Ugo Colombino},
  Journal                  = {IZA Discussion Papers},
  Volume                   = {6059},
  Year                     = {2011},
  Month                    = {October},

  Date-added               = {2012-01-23 14:04:15 +0100},
  Date-modified            = {2014-05-13 10:38:31 +0200}
}

@Article{colombino_2010,
  Title                    = {{Equilibrium Policy Simulations with Random Utility Models of Labour Supply}},
  Author                   = {Ugo Colombino},
  Journal                  = {IZA Discussion Papers},
  Volume                   = {5262},
  Year                     = {2010},
  Month                    = {October},

  Date-added               = {2011-10-12 11:51:06 +0200},
  Date-modified            = {2014-05-13 10:38:27 +0200}
}

@Article{creedy_duncan_2005,
  Title                    = {{Aggregating Labour Supply and Feedback Effects in Microsimulation}},
  Author                   = {John Creedy and Alan Duncan},
  Journal                  = {Australian Journal of Labour Economics},
  Number                   = {3},
  Pages                    = {277-290},
  Volume                   = {8},
  Year                     = {2005},
  Month                    = {September},

  Date-added               = {2012-04-20 16:29:16 +0200},
  Date-modified            = {2014-05-13 10:38:43 +0200}
}

@Article{creedy_duncan_2002,
  Title                    = {{Behavioural Microsimulation with Labour Supply Responses}},
  Author                   = {John Creedy and Alan Duncan},
  Journal                  = {Journal of Economic Surveys},
  Number                   = {1},
  Pages                    = {1-39},
  Volume                   = {16},
  Year                     = {2002},
  Month                    = {February},

  Date-added               = {2012-04-08 14:17:05 +0200},
  Date-modified            = {2014-05-13 10:38:36 +0200}
}

@Book{creedy_kalb_2006,
  Title                    = {Labour Supply and Microsimulation},
  Author                   = {John Creedy and Guyonne Kalb},
  Publisher                = {Edward Elgar Publishing Limited},
  Year                     = {2006},

  Date-added               = {2011-10-17 16:15:23 +0200},
  Date-modified            = {2011-10-17 16:18:30 +0200}
}

@Article{creedy_kalb_2005,
  Title                    = {{Discrete Hours Labour Supply Modelling: Specification, Estimation and Simulation}},
  Author                   = {John Creedy and Guyonne Kalb},
  Journal                  = {Journal of Economic Surveys},
  Number                   = {5},
  Pages                    = {697-734},
  Volume                   = {19},
  Year                     = {2005},

  Date-added               = {2012-01-23 15:05:59 +0100},
  Date-modified            = {2014-05-13 10:38:47 +0200}
}

@Article{dagsvik_1994,
  Title                    = {{Discrete and Continuous Choice, Max-Stable Processes, and Independence From Irrelevant Attributes}},
  Author                   = {John K. Dagsvik},
  Journal                  = {Econometrica},
  Number                   = {5},
  Pages                    = {1179-1205},
  Volume                   = {62},
  Year                     = {1994},
  Month                    = {September},

  Date-added               = {2012-03-11 14:18:43 +0100},
  Date-modified            = {2014-05-13 10:38:54 +0200}
}

@Article{dagsvik_jia_2008,
  Title                    = {{An Alternative Approach to Labor Supply Modeling -- Emphasizing Job-type as Choice Variable}},
  Author                   = {John K. Dagsvik and Zhiyang Jia},
  Journal                  = {Discussion Papers Statistics Norway},
  Volume                   = {550},
  Year                     = {2008},

  Date-added               = {2011-11-09 20:20:42 +0100},
  Date-modified            = {2014-05-13 10:39:17 +0200}
}

@Article{dagsvik_jia_2006,
  Title                    = {{Labor Supply as a Choice among Latent Job Opportunities -- A Practical Empirical Approach}},
  Author                   = {John K. Dagsvik and Zhiyang Jia},
  Journal                  = {Discussion Papers Statistics Norway},
  Volume                   = {481},
  Year                     = {2006},
  Month                    = {October},

  Date-added               = {2011-10-17 13:28:12 +0200},
  Date-modified            = {2014-05-13 10:39:13 +0200}
}

@Article{dagsvik_etal_2014,
  Title                    = {{Theoretical and Practical Arguments For Modeling Labor Supply as a Choice Among Latent Jobs}},
  Author                   = {Dagsvik, J. K. and Jia, Z. and Kornstadt, Tom and Thor O. Thoresen},
  Journal                  = {Journal of Economic Surveys},
  Number                   = {1},
  Pages                    = {134-151},
  Volume                   = {28},
  Year                     = {2014},
  Doi                      = {10.1111/joes.12003},

  Bdsk-url-1               = {http://dx.doi.org/10.1111/joes.12003},
  Date-modified            = {2014-05-13 10:39:08 +0200},
  Owner                    = {root},
  Timestamp                = {2013.04.16}
}

@Article{dagsvik_etal_2011,
  Title                    = {{Subsidies on low-skilled workers' social security contributions: the case of Belgium}},
  Author                   = {John K. Dagsvik and Zhiyang Jia and Kristian Orsini and Guy van Camp},
  Journal                  = {Empirical Economics},
  Number                   = {3},
  Pages                    = {779-806},
  Volume                   = {40},
  Year                     = {2011},

  Date-added               = {2011-12-03 18:58:07 +0100},
  Date-modified            = {2014-05-13 10:39:01 +0200}
}

@Article{dagsvik_strom_2006,
  Title                    = {{Sectoral Labor Supply, Choice Restrictions and Functional Form}},
  Author                   = {John K. Dagsvik and Steinar Str{\o}m},
  Journal                  = {Journal of Applied Econometrics},
  Number                   = {6},
  Pages                    = {803-826},
  Volume                   = {21},
  Year                     = {2006},
  Doi                      = {10.1002/jae.866},
  Month                    = {September/October},

  Bdsk-url-1               = {http://dx.doi.org/10.1002/jae.866},
  Date-added               = {2011-11-09 20:23:25 +0100},
  Date-modified            = {2014-05-13 10:39:26 +0200}
}

@Article{dagsvik_strom_2004,
  Title                    = {{Sectoral Labor Supply, Choice Restrictions and Functional Form}},
  Author                   = {John K. Dagsvik and Steinar Str{\o}m},
  Journal                  = {Discussion Papers Statistics Norway},
  Volume                   = {388},
  Year                     = {2004},

  Date-added               = {2011-11-09 20:22:44 +0100},
  Date-modified            = {2014-05-13 10:39:20 +0200}
}

@Article{diamond_saez_2011,
  Title                    = {{The Case for a Progressive Tax: From Basic Research to Policy Recommendations}},
  Author                   = {Peter Diamond and Emmanuel Saez},
  Journal                  = {Journal of Economic Perspectives},
  Number                   = {4},
  Pages                    = {165-190},
  Volume                   = {25},
  Year                     = {2011},

  Date-modified            = {2014-05-13 10:39:35 +0200},
  Owner                    = {root},
  Timestamp                = {2013.11.25}
}

@Article{dickens_lundberg_1993,
  Title                    = {{Hours Restrictions and Labor Supply}},
  Author                   = {William T. Dickens and Shelly J. Lundberg},
  Journal                  = {International Economic Review},
  Number                   = {1},
  Pages                    = {169-192},
  Volume                   = {34},
  Year                     = {1993},

  Date-added               = {2011-11-23 18:53:54 +0100},
  Date-modified            = {2014-05-13 10:39:40 +0200}
}

@Article{duncan_weeks_1998,
  Title                    = {{Simulating Transitions Using Discrete Choice Models}},
  Author                   = {Alan Duncan and Melvyn Weeks},
  Journal                  = {Proceedings of the American Statistical Association},
  Pages                    = {151-156},
  Volume                   = {106},
  Year                     = {1998},

  Date-added               = {2012-04-16 18:09:09 +0200},
  Date-modified            = {2014-05-13 10:39:45 +0200}
}

@Article{eissa_etal_2008,
  Title                    = {{Evaluation of Four Tax Reforms in The United States: Labor Supply and Welfare Effects For Single Mothers}},
  Author                   = {Nada Eissa and Henrik Jacobsen Kleven and Claus Thustrup Kreiner},
  Journal                  = {Journal of Public Economics},
  Number                   = {3-4},
  Pages                    = {795-816},
  Volume                   = {92},
  Year                     = {2008},

  Date-modified            = {2014-05-13 10:39:56 +0200},
  Owner                    = {root},
  Timestamp                = {2013.11.25}
}

@Article{ekloef_sacklen_2000,
  Title                    = {{The Hausman-MaCurdy Controversy: Why Do the Results Differ across Studies?}},
  Author                   = {Matias Ekl{\"o}f and Hans Sackl{\'e}n},
  Journal                  = {Journal of Human Resources},
  Number                   = {1},
  Pages                    = {204-220},
  Volume                   = {35},
  Year                     = {2000},

  Date-added               = {2013-01-10 21:46:25 +0100},
  Date-modified            = {2014-05-13 10:40:02 +0200}
}

@Article{ericson_flood_1997,
  Title                    = {{A Monte Carlo Evaluation of Labor Supply Models}},
  Author                   = {Peter Ericson and Lennart Flood},
  Journal                  = {Empirical Economics},
  Number                   = {3},
  Pages                    = {431-460},
  Volume                   = {22},
  Year                     = {1997},

  Date-modified            = {2014-05-13 10:40:09 +0200},
  Owner                    = {root},
  Timestamp                = {2013.08.26}
}

@Article{euwals_vansoest_1999,
  Title                    = {{Desired and actual labour supply of unmarried men and women in the Netherlands}},
  Author                   = {Rob Euwals and van Soest, Arthur},
  Journal                  = {Labour Economics},
  Number                   = {1},
  Pages                    = {95-118},
  Volume                   = {6},
  Year                     = {1999},
  Doi                      = {10.1016/S0927-5371(98)00018-9},

  Bdsk-url-1               = {http://dx.doi.org/10.1016/S0927-5371(98)00018-9},
  Date-added               = {2011-11-19 20:48:04 +0100},
  Date-modified            = {2014-05-13 10:40:18 +0200}
}

@Article{evers_etal_2008,
  Title                    = {{The Wage Elasticity of Labour Supply: A Synthesis of Empirical Estimates}},
  Author                   = {Michiel Evers and Ruud de Mooij and Daniel van Vuuren},
  Journal                  = {De Economist},
  Number                   = {1},
  Pages                    = {25-43},
  Volume                   = {156},
  Year                     = {2008},

  Date-added               = {2013-01-10 21:50:05 +0100},
  Date-modified            = {2014-05-13 10:40:22 +0200}
}

@Article{farzin_2009,
  Title                    = {{The Effect of Non-Pecuniary Motivations On Labor Supply}},
  Author                   = {Y. Hossein Farzin},
  Journal                  = {The Quarterly Review of Economics and Finance},
  Number                   = {4},
  Pages                    = {1236-1259},
  Volume                   = {49},
  Year                     = {2009},

  Date-modified            = {2014-05-13 10:40:25 +0200},
  Owner                    = {root},
  Timestamp                = {2013.02.13}
}

@Article{feenberg_coutts_1993,
  Title                    = {{An Introduction to the TAXSIM Model}},
  Author                   = {Feenberg, D. R. and Coutts, E.},
  Journal                  = {Journal of Policy Analysis and Management},
  Number                   = {1},
  Pages                    = {189-194},
  Volume                   = {12},
  Year                     = {1993},

  Date-modified            = {2014-05-13 10:48:24 +0200},
  Owner                    = {ape},
  Timestamp                = {2014.01.09}
}

@Article{flood_etal_2004,
  Title                    = {{Household Labor Supply and Welfare Participation in Sweden}},
  Author                   = {Lennart Flood and J{\"o}rgen Hansen and Roger Wahlberg},
  Journal                  = {Journal of Human Resources},
  Number                   = {4},
  Pages                    = {1008-1032},
  Volume                   = {39},
  Year                     = {2004},

  Date-modified            = {2014-05-13 10:40:38 +0200},
  Timestamp                = {2012.09.25}
}

@Article{flood_islam_2005,
  Title                    = {{A Monte Carlo evaluation of discrete choice labour supply models}},
  Author                   = {Lennart Flood and Nizamul Islam},
  Journal                  = {Applied Economics Letters},
  Number                   = {5},
  Pages                    = {263-266},
  Volume                   = {12},
  Year                     = {2005},

  Date-modified            = {2014-05-13 10:40:46 +0200},
  Owner                    = {root},
  Timestamp                = {2013.01.18}
}

@Article{flood_etal_2007,
  Title                    = {{From Welfare to Work: Evaluating a Tax and Benefit Reform Targeted at Single Mothers in Sweden}},
  Author                   = {Lennart Flood and Roger Wahlberg and Elina Pylkk{\"a}nen},
  Journal                  = {LABOUR},
  Number                   = {3},
  Pages                    = {443-471},
  Volume                   = {21},
  Year                     = {2007},

  Date-added               = {2013-01-10 19:23:44 +0100},
  Date-modified            = {2014-05-13 10:40:42 +0200}
}

@Article{gong_vansoest_2002,
  Title                    = {{Wage differentials and mobility in the urban labour market: a panel data analysis for Mexico}},
  Author                   = {Xiaodong Gong and van Soest, Arthur},
  Journal                  = {Labour Economics},
  Number                   = {4},
  Pages                    = {513-529},
  Volume                   = {9},
  Year                     = {2002},

  Date-added               = {2013-01-14 16:36:10 +0100},
  Date-modified            = {2014-05-13 10:40:49 +0200}
}

@Book{gould_etal_2010,
  Title                    = {Maxiumum Likelihood Estimation with Stata},
  Author                   = {William Gould and Jeffrey Pitblado and Brian Poi},
  Publisher                = {Stata Press},
  Year                     = {2010},
  Edition                  = {fourth},

  Date-added               = {2012-01-05 11:20:38 +0100},
  Date-modified            = {2012-04-24 18:52:05 +0200}
}

@Article{haan_2006,
  Title                    = {Much ado about nothing: conditional logit vs. random coefficient models for estimating labour supply elasticities},
  Author                   = {Peter Haan},
  Journal                  = {Applied Economics Letters},
  Number                   = {4},
  Pages                    = {251-256},
  Volume                   = {13},
  Year                     = {2006},

  Date-added               = {2012-04-20 17:33:52 +0200},
  Date-modified            = {2012-04-20 17:35:17 +0200}
}

@Article{haan_uhlendorff_2012,
  Title                    = {{Intertemporal Labor Supply and Involuntary Unemployment}},
  Author                   = {Peter Haan and Arne Uhlendorff},
  Journal                  = {Empirical Economics},
  Year                     = {2012},
  Note                     = {Online first, doi 10.1007/s00181-012-0563-7},

  Date-added               = {2012-04-19 23:08:31 +0200},
  Date-modified            = {2014-05-13 10:41:02 +0200}
}

@Article{haan_uhlendorff_2006,
  Title                    = {Estimation of multinomial logit models with unobserved heterogeneity using maximum simulated likelihood},
  Author                   = {Peter Haan and Arne Uhlendorff},
  Journal                  = {Stata Journal},
  Number                   = {2},
  Pages                    = {229-245},
  Volume                   = {6},
  Year                     = {2006},

  Date-added               = {2012-01-23 14:01:52 +0100},
  Date-modified            = {2012-01-23 14:03:08 +0100}
}

@Book{hamermesh_1993,
  Title                    = {Labor Demand},
  Author                   = {Daniel S. Hamermesh},
  Publisher                = {Princeton University Press},
  Year                     = {1993},

  Address                  = {Princeton},

  Date-added               = {2012-04-19 18:08:11 +0200},
  Date-modified            = {2012-04-19 18:10:41 +0200}
}

@InCollection{hausman_1981,
  Title                    = {{Labor Supply}},
  Author                   = {Hausman, Jerry A.},
  Booktitle                = {How taxes affect economic behavior},
  Publisher                = {Brookings Institution},
  Year                     = {1981},
  Editor                   = {Henry J. Aaron and Joseph A. Pechman},
  Pages                    = {27-72},

  Date-modified            = {2014-05-13 10:41:10 +0200},
  Owner                    = {root},
  Timestamp                = {2013.01.23}
}

@Article{heckman_1993,
  Title                    = {{What Has Been Learned About Labor Supply in the Past Twenty Years?}},
  Author                   = {James J. Heckman},
  Journal                  = {American Economic Review: Papers and Proceedings},
  Number                   = {2},
  Pages                    = {116-121},
  Volume                   = {83},
  Year                     = {1993},
  Month                    = {May},

  Date-added               = {2012-04-20 21:09:02 +0200},
  Date-modified            = {2014-05-13 10:42:15 +0200}
}

@Article{heckman_1979,
  Title                    = {{Sample Selection Bias as a Specification Error}},
  Author                   = {James J. Heckman},
  Journal                  = {Econometrica},
  Number                   = {1},
  Pages                    = {153-161},
  Volume                   = {47},
  Year                     = {1979},
  Month                    = {January},

  Date-added               = {2012-04-04 22:49:38 +0200},
  Date-modified            = {2014-05-13 10:41:20 +0200}
}

@Article{heckman_1976,
  Title                    = {{The Common Structure of Statistical Models of Truncation, Sample Selection and Limited Dependent Variables and a Simple Estimator for Such Models}},
  Author                   = {James J. Heckman},
  Journal                  = {The Annals of Economic and Social Measurement},
  Number                   = {4},
  Pages                    = {475-492},
  Volume                   = {5},
  Year                     = {1976},

  Date-added               = {2012-04-05 17:51:49 +0200},
  Date-modified            = {2014-05-13 10:41:13 +0200}
}

@Article{heckman_macurdy_1982,
  Title                    = {{New Methods for Estimating Labor Supply Functions: A Survey}},
  Author                   = {James J. Heckman and Thomas E. MaCurdy},
  Journal                  = {NBER Working Paper Series},
  Volume                   = {858},
  Year                     = {1982},
  Month                    = {February},

  Date-added               = {2012-04-06 14:08:24 +0200},
  Date-modified            = {2014-05-13 10:42:26 +0200}
}

@Article{heckman_signer_1984,
  Title                    = {{A Method for Minimizing the Impact of Distributional Assumptions in Econometric Models for Duration Data}},
  Author                   = {James J. Heckman and Burton Singer},
  Journal                  = {Econometrica},
  Number                   = {2},
  Pages                    = {271-320},
  Volume                   = {52},
  Year                     = {1984},
  Month                    = {March},

  Date-added               = {2013-01-14 12:34:10 +0100},
  Date-modified            = {2014-05-13 10:42:32 +0200}
}

@Article{heim_2009,
  Title                    = {{Structural Estimation of Family Labor Supply with Taxes}},
  Author                   = {Bradley T. Heim},
  Journal                  = {Journal of Human Resources},
  Number                   = {2},
  Pages                    = {350-385},
  Volume                   = {44},
  Year                     = {2009},

  Date-modified            = {2014-05-13 10:42:38 +0200},
  Owner                    = {root},
  Timestamp                = {2012.10.01}
}

@Article{hogan_2004,
  Title                    = {The welfare cost of taxation in a labour market with unemployment and non-participation},
  Author                   = {Vincent Hogan},
  Journal                  = {Labour Economics},
  Number                   = {4},
  Pages                    = {395-413},
  Volume                   = {11},
  Year                     = {2004},

  Date-added               = {2012-04-20 16:36:11 +0200},
  Date-modified            = {2012-04-20 16:38:02 +0200}
}

@Article{hole_2007,
  Title                    = {Fitting mixed logit models by using maximum simulated likelihood},
  Author                   = {Arne Risa Hole},
  Journal                  = {Stata Journal},
  Number                   = {3},
  Pages                    = {388-401},
  Volume                   = {7},
  Year                     = {2007},

  Date-added               = {2012-03-12 15:56:57 +0100},
  Date-modified            = {2012-03-12 15:57:43 +0100}
}

@Article{holtz-eakin_etal_1988,
  Title                    = {{Estimating Vector Autoregressions with Panel Data}},
  Author                   = {Douglas Holtz-Eakin and Whitney Newey and Harvey S. Rosen},
  Journal                  = {Econometrica},
  Number                   = {6},
  Pages                    = {1371-1395},
  Volume                   = {56},
  Year                     = {1988},
  Month                    = {November},

  Date-modified            = {2014-05-13 10:42:52 +0200},
  Owner                    = {root},
  Timestamp                = {2013.09.12}
}

@Article{hoynes_1996,
  Title                    = {{Welfare Transfers in Two-Parent Families: Labor Supply and Welfare Participation Under AFDC-UP}},
  Author                   = {Hilary Williamson Hoynes},
  Journal                  = {Econometrica},
  Number                   = {2},
  Pages                    = {295-332},
  Volume                   = {64},
  Year                     = {1996},
  Month                    = {March},

  Date-added               = {2012-04-28 18:37:18 +0200},
  Date-modified            = {2012-04-28 18:39:07 +0200}
}

@Article{ilmakunnas_pudney_1990,
  Title                    = {{A Model of Female Labour Supply in the Presence of Hours Restrictions}},
  Author                   = {Ilmakunnas, Seija and Pudney, Stephen},
  Journal                  = {Journal of Public Economics},
  Pages                    = {183-210},
  Volume                   = {41},
  Year                     = {1990},

  Date-added               = {2011-11-21 18:35:46 +0100},
  Date-modified            = {2014-05-13 10:43:00 +0200}
}

@Article{immervoll_etal_2007,
  Title                    = {{Welfare Reform in European Countries: A Microsimulation Analysis}},
  Author                   = {Herwig Immervoll and Henrik Jacobsen Kleven and Claus Thustrup Kreiner and Emmanuel Saez},
  Journal                  = {The Economic Journal},
  Number                   = {1},
  Pages                    = {1-44},
  Volume                   = {117},
  Year                     = {2007},
  Month                    = {January},

  Date-modified            = {2014-05-13 10:43:06 +0200},
  Owner                    = {root},
  Timestamp                = {2013.01.29}
}

@Article{immervoll_etal_2011,
  Title                    = {Optimal tax and transfer programs for couples with extensive labor supply responses},
  Author                   = {Herwig Immervoll and Henrik Jacobsen Kleven and Claus Thustrup Kreiner and Nicolaj Verdelin},
  Journal                  = {Journal of Public Economics},
  Number                   = {11},
  Pages                    = {1485-1500},
  Volume                   = {95},
  Year                     = {2011},

  Owner                    = {root},
  Timestamp                = {2013.11.25}
}

@Article{keane_rogerson_2012,
  Title                    = {{Micro and Macro Labor Supply Elasticities: A Reassessment of Conventional Wisdom}},
  Author                   = {Keane, M.P. and R. Rogerson},
  Journal                  = {Journal of Economic Literature},
  Number                   = {2},
  Pages                    = {464-476},
  Volume                   = {50},
  Year                     = {2012},

  Date-modified            = {2014-05-13 10:48:34 +0200},
  Owner                    = {ape},
  Timestamp                = {2014.01.09}
}

@Article{keane_2011,
  Title                    = {{Labor Supply and Taxes: A Survey}},
  Author                   = {Michael P. Keane},
  Journal                  = {Journal of Economic Literature},
  Number                   = {4},
  Pages                    = {961-1075},
  Volume                   = {49},
  Year                     = {2011},

  Date-modified            = {2014-05-13 10:43:21 +0200},
  Owner                    = {root},
  Timestamp                = {2013.08.27}
}

@Article{keane_2010,
  Title                    = {Structural vs. atheoretic approaches to econometrics},
  Author                   = {Michael P. Keane},
  Journal                  = {Journal of Econometrics},
  Number                   = {1},
  Pages                    = {3--20},
  Volume                   = {156},
  Year                     = {2010},

  Owner                    = {mlo},
  Timestamp                = {2014.06.10}
}

@Article{keane_1995,
  Title                    = {{A New Idea or Welfare Reform}},
  Author                   = {Michael P. Keane},
  Journal                  = {Federal Reserve Bank of Minneapolis Quarterly Review},
  Number                   = {2},
  Pages                    = {2-28},
  Volume                   = {19},
  Year                     = {1995},

  Date-added               = {2013-01-14 12:31:23 +0100},
  Date-modified            = {2014-05-13 10:43:17 +0200}
}

@Article{keane_moffitt_1998,
  Title                    = {{A Structural Model of Multiple Welfare Program Participation and Labor Supply}},
  Author                   = {Michael P. Keane and Robert Moffitt},
  Journal                  = {International Economic Review},
  Number                   = {3},
  Pages                    = {553-589},
  Volume                   = {39},
  Year                     = {1998},
  Month                    = {August},

  Date-added               = {2012-04-02 13:40:32 +0200},
  Date-modified            = {2014-05-13 10:43:29 +0200}
}

@Article{keane_wasi_2012,
  Title                    = {{Comparing Alternative Models of Heterogeneity in Consumer Choice Behavior}},
  Author                   = {Michael P. Keane and Nada Wasi},
  Journal                  = {Journal of Applied Econometrics},
  Number                   = {6},
  Pages                    = {1018--1045},
  Volume                   = {28},
  Year                     = {2012},
  Doi                      = {10.1002/jae.2304},
  Month                    = {September/October},

  Bdsk-url-1               = {http://dx.doi.org/10.1002/jae.2304},
  Date-modified            = {2014-05-13 10:43:37 +0200},
  Owner                    = {root},
  Timestamp                = {2013.08.27}
}

@Article{loeffler_2013,
  Title                    = {{Fitting Complex Mixed Logit Models: An Application to Labor Supply}},
  Author                   = {Max L{\"o}ffler},
  Year                     = {2013},
  Note                     = {Mimeo, presented at the Stata Conference in New Orleans, July 2013},

  Date-modified            = {2014-05-13 10:43:48 +0200},
  Owner                    = {root},
  Timestamp                = {2013.10.31}
}

@Article{loeffler_etal_2014,
  Title                    = {{Structural Labor Supply Models and Wage Exogeneity}},
  Author                   = {Max L{\"o}ffler and Andreas Peichl and Sebastian Siegloch},
  Journal                  = {ZEW Discussion Paper},
  Volume                   = {14-040},
  Year                     = {2014},

  Owner                    = {mlo},
  Timestamp                = {2015.01.10}
}

@Article{liegeois_islam_2010,
  Title                    = {Dealing with negative marginal utilities in the discrete choice modelling of labour supply},
  Author                   = {Philippe Li{\'e}geois and Nizamul Islam},
  Journal                  = {EUROMOD Working Paper Series},
  Volume                   = {EM6/10},
  Year                     = {2010},
  Month                    = {October},

  Date-added               = {2013-01-10 22:23:55 +0100},
  Date-modified            = {2013-01-10 22:26:01 +0100}
}

@Book{luce_1959,
  Title                    = {Individual Choice Behavior: A Theoretical Analysis},
  Author                   = {Robert Duncan Luce},
  Publisher                = {Wiley},
  Year                     = {1959},

  Address                  = {New York},

  Owner                    = {root},
  Timestamp                = {2013.10.01}
}

@Article{lundberg_1985,
  Title                    = {{Tied Wage-Hours Offers and the Endogeneity of Wages}},
  Author                   = {Shelly J. Lundberg},
  Journal                  = {The Review of Economics and Statistics},
  Number                   = {3},
  Pages                    = {405-410},
  Volume                   = {67},
  Year                     = {1985},
  Month                    = {August},

  Date-modified            = {2014-05-13 10:43:59 +0200},
  Owner                    = {root},
  Timestamp                = {2013.09.12}
}

@Article{macurdy_etal_1990,
  Title                    = {{Assessing Empirical Approaches for Analyzing Taxes and Labor Supply}},
  Author                   = {Thomas E. MaCurdy and David Green and Harry Paarsch},
  Journal                  = {Journal of Human Resources},
  Number                   = {3},
  Pages                    = {412-490},
  Volume                   = {25},
  Year                     = {1990},

  Date-added               = {2012-04-04 22:48:16 +0200},
  Date-modified            = {2014-05-13 10:44:03 +0200}
}

@Article{manning_petrongolo_2008,
  Title                    = {{The Part-Time Pay Penalty For Women In Britain}},
  Author                   = {Alan Manning and Barbara Petrongolo},
  Journal                  = {The Economic Journal},
  Number                   = {526},
  Volume                   = {118},
  Year                     = {2008},
  Doi                      = {10.1111/j.1468-0297.2007.02115.x},
  Month                    = {February},

  Bdsk-url-1               = {http://dx.doi.org/10.1111/j.1468-0297.2007.02115.x},
  Date-modified            = {2014-05-13 10:44:06 +0200},
  Owner                    = {root},
  Timestamp                = {2013.09.12}
}

@Article{manski_2014,
  Title                    = {Identification of income-leisure preferences and evaluation of income tax policy},
  Author                   = {Charles F. Manski},
  Journal                  = {Quantitative Economics},
  Number                   = {1},
  Pages                    = {145--174},
  Volume                   = {5},
  Year                     = {2014},
  Doi                      = {10.3982/QE262},
  Month                    = {March},

  Owner                    = {mlo},
  Timestamp                = {2015.01.07}
}

@Article{mcdonald_moffitt_1980,
  Title                    = {{The Uses of Tobit Analysis}},
  Author                   = {John F. McDonald and Robert A. Moffitt},
  Journal                  = {The Review of Economics and Statistics},
  Number                   = {2},
  Pages                    = {318-321},
  Volume                   = {62},
  Year                     = {1980},
  Month                    = {May},

  Date-modified            = {2014-05-13 10:44:10 +0200},
  Owner                    = {root},
  Timestamp                = {2013.06.14}
}

@InCollection{mcfadden_1978,
  Title                    = {{Modelling the Choice of Residential Location}},
  Author                   = {Daniel McFadden},
  Booktitle                = {Spatial Interaction Theory and Planning Models},
  Publisher                = {North-Holland},
  Year                     = {1978},
  Editor                   = {A. Karlqvist and L. Lundqvist and F. Snickars and J. Weibull},
  Pages                    = {75-96},

  Date-added               = {2013-06-01 13:08:11 +0200},
  Date-modified            = {2014-05-13 10:44:21 +0200}
}

@InCollection{mcfadden_clogit_1974,
  Title                    = {{Conditional logit analysis of qualitative choice behavior}},
  Author                   = {Daniel McFadden},
  Booktitle                = {Frontiers in Econometrics},
  Publisher                = {Academic Press},
  Year                     = {1974},

  Address                  = {New York},
  Editor                   = {P. Zarembka},

  Date-added               = {2012-03-11 16:39:33 +0100},
  Date-modified            = {2014-05-13 10:44:27 +0200}
}

@Article{mcfadden_jpube_1974,
  Title                    = {The measurement of urban travel demand},
  Author                   = {Daniel McFadden},
  Journal                  = {Journal of Public Economics},
  Number                   = {4},
  Pages                    = {303-328},
  Volume                   = {3},
  Year                     = {1974},
  Month                    = {November},

  Date-added               = {2012-03-07 19:08:20 +0100},
  Date-modified            = {2012-03-11 16:39:30 +0100}
}

@Article{mcfadden_train_2000,
  Title                    = {{Mixed MNL Models for Discrete Response}},
  Author                   = {Daniel McFadden and Kenneth E. Train},
  Journal                  = {Journal of Applied Econometrics},
  Number                   = {5},
  Pages                    = {447-470},
  Volume                   = {15},
  Year                     = {2000},
  Doi                      = {10.1002/1099-1255(200009/10)15:5<447::AID-JAE570>3.0.CO;2-1},

  Bdsk-url-1               = {http://dx.doi.org/10.1002/1099-1255(200009/10)15:5%3C447::AID-JAE570%3E3.0.CO;2-1},
  Date-modified            = {2014-05-13 10:44:35 +0200},
  Owner                    = {root},
  Timestamp                = {2013.05.24}
}

@InCollection{meghir_phillips_2010,
  Title                    = {{Labour Supply and Taxes}},
  Author                   = {Costas Meghir and David Phillips},
  Booktitle                = {Dimensions of Tax Design: The Mirrlees Review},
  Publisher                = {Oxford University Press},
  Year                     = {2010},
  Editor                   = {James Mirrless and Stuart Adam and Timothy Besley and Richard Blundell and Stephen Bond and Robert Chote and Malcolm Gammie and Paul Johnson and Gareth Myles and James Poterba},
  Pages                    = {202-274},

  Date-modified            = {2014-05-13 10:44:43 +0200},
  Owner                    = {root},
  Timestamp                = {2013.01.23}
}

@Article{moffitt_1984,
  Title                    = {{The Estimation of a Joint Wage-Hours Labor Supply Model}},
  Author                   = {Robert Moffitt},
  Journal                  = {Journal of Labor Economics},
  Number                   = {4},
  Pages                    = {550-566},
  Volume                   = {2},
  Year                     = {1984},
  Month                    = {October},

  Date-modified            = {2014-05-13 10:44:59 +0200},
  Owner                    = {root},
  Timestamp                = {2013.03.12}
}

@Article{moffitt_1983,
  Title                    = {{An Economic Model of Welfare Stigma}},
  Author                   = {Robert Moffitt},
  Journal                  = {American Economic Review},
  Number                   = {5},
  Pages                    = {1023-1035},
  Volume                   = {73},
  Year                     = {1983},
  Month                    = {December},

  Date-added               = {2013-01-16 15:45:53 +0100},
  Date-modified            = {2014-05-13 10:44:54 +0200}
}

@Article{narazani_2011,
  Title                    = {{Evidences on Household Labour Supply when Labour Demand is not Perfectly Elastic}},
  Author                   = {Edlira Narazani},
  Journal                  = {ChilD Working Papers},
  Volume                   = {22/2011},
  Year                     = {2011},

  Date-added               = {2012-04-20 17:32:37 +0200},
  Date-modified            = {2014-05-13 10:45:03 +0200}
}

@Book{oecd_2011,
  Title                    = {OECD Economic Outlook},
  Author                   = {OECD},
  Publisher                = {OECD Publishing},
  Year                     = {2011},
  Volume                   = {2011/2},

  Date-added               = {2012-04-05 15:24:24 +0200},
  Date-modified            = {2012-04-05 15:25:28 +0200}
}

@Article{pacifico_2013,
  Title                    = {On the role of unobserved preference heterogeneity in discrete choice models of labour supply},
  Author                   = {Daniele Pacifico},
  Journal                  = {Empirical Economics},
  Number                   = {2},
  Pages                    = {929-963},
  Volume                   = {45},
  Year                     = {2013},
  Doi                      = {10.1007/s00181-012-0637-6},

  Bdsk-url-1               = {http://dx.doi.org/10.1007/s00181-012-0637-6},
  Date-modified            = {2013-10-05 19:23:07 +0200},
  Owner                    = {root},
  Timestamp                = {2013.08.26}
}

@Article{peichl_2009,
  Title                    = {The benefits and problems of linking micro and macro models: evidence from a flat tax analysis},
  Author                   = {Andreas Peichl},
  Journal                  = {Journal of Applied Economics},
  Number                   = {2},
  Pages                    = {301--329},
  Volume                   = {12},
  Year                     = {2009},

  Date-added               = {2012-04-19 18:39:00 +0200},
  Date-modified            = {2012-04-19 18:39:52 +0200}
}

@Article{peichl_etal_2010,
  Title                    = {{Documentation IZA$\Psi$MOD: The IZA Policy Simulation Model}},
  Author                   = {Andreas Peichl and Hilmar Schneider and Sebastian Siegloch},
  Journal                  = {IZA Discussion Papers},
  Volume                   = {4865},
  Year                     = {2010},
  Month                    = {April},

  Date-added               = {2011-10-17 13:39:15 +0200},
  Date-modified            = {2013-10-05 19:33:58 +0200}
}

@Article{peichl_siegloch_2012,
  Title                    = {{Accounting for Labor Demand Effects in Structural Labor Supply Models}},
  Author                   = {Peichl, Andreas and Sebastian Siegloch},
  Journal                  = {Labour Economics},
  Number                   = {1},
  Pages                    = {129-138},
  Volume                   = {19},
  Year                     = {2012},

  Date-added               = {2011-10-06 23:19:32 +0200},
  Date-modified            = {2014-05-13 10:45:20 +0200}
}

@Article{puhani_2000,
  Title                    = {{The Heckman Correction for Sample Selection and its Critique}},
  Author                   = {Patrick A. Puhani},
  Journal                  = {Journal of Economic Surveys},
  Number                   = {1},
  Pages                    = {53-68},
  Volume                   = {14},
  Year                     = {2000},

  Date-added               = {2012-04-05 17:47:20 +0200},
  Date-modified            = {2014-05-13 10:45:26 +0200}
}

@Article{ransom_1987,
  Title                    = {{An Empirical Model of Discrete and Continuous Choice in Family Labor Supply}},
  Author                   = {Michael R. Ransom},
  Journal                  = {The Review of Economics and Statistics},
  Number                   = {3},
  Pages                    = {465-472},
  Volume                   = {69},
  Year                     = {1987},

  Date-added               = {2011-11-23 18:50:02 +0100},
  Date-modified            = {2014-05-13 10:45:30 +0200}
}

@Article{saez_2002,
  Title                    = {{Optimal Income Transfer Programs: Intensive Versus Extensive Labor Supply Responses}},
  Author                   = {Emmanuel Saez},
  Journal                  = {The Quarterly Journal of Economics},
  Number                   = {3},
  Pages                    = {1039-1073},
  Volume                   = {117},
  Year                     = {2002},

  Date-modified            = {2014-05-13 10:45:37 +0200},
  Owner                    = {root},
  Timestamp                = {2013.11.25}
}

@Article{saez_2001,
  Title                    = {{Using Elasticities to Derive Optimal Income Tax Rates}},
  Author                   = {Emmanuel Saez},
  Journal                  = {Review of Economic Studies},
  Number                   = {1},
  Pages                    = {205-229},
  Volume                   = {68},
  Year                     = {2001},

  Date-modified            = {2014-05-13 10:45:33 +0200},
  Owner                    = {root},
  Timestamp                = {2013.11.25}
}

@Article{vansoest_1995,
  Title                    = {{Structural Models of Family Labor Supply -- A Discrete Choice Approach}},
  Author                   = {van Soest, Arthur},
  Journal                  = {Journal of Human Resources},
  Number                   = {1},
  Pages                    = {63-88},
  Volume                   = {30},
  Year                     = {1995},

  Date-added               = {2011-10-12 11:39:54 +0200},
  Date-modified            = {2014-05-13 10:45:59 +0200}
}

@Article{vansoest_das_2001,
  Title                    = {{Family Labor Supply and Proposed Tax Reforms in the Netherlands}},
  Author                   = {van Soest, Arthur and Marcel Das},
  Journal                  = {De Economist},
  Number                   = {2},
  Pages                    = {191-218},
  Volume                   = {149},
  Year                     = {2001},

  Date-added               = {2011-11-21 18:48:24 +0100},
  Date-modified            = {2014-05-13 10:46:06 +0200}
}

@Article{vansoest_etal_2002,
  Title                    = {A structural labour supply model with flexible preferences},
  Author                   = {van Soest, Arthur and Marcel Das and Xiaodong Gong},
  Journal                  = {Journal of Econometrics},
  Number                   = {1-2},
  Pages                    = {345-374},
  Volume                   = {107},
  Year                     = {2002},

  Date-added               = {2011-11-15 14:53:58 +0100},
  Date-modified            = {2012-03-11 14:47:55 +0100}
}

@Article{vansoest_etal_1990,
  Title                    = {{Labor Supply, Income Taxes, and Hours Restrictions in The Netherlands}},
  Author                   = {van Soest, Arthur and Isolde Woittiez and Arie Kapteyn},
  Journal                  = {Journal of Human Resources},
  Number                   = {3},
  Pages                    = {517-558},
  Volume                   = {25},
  Year                     = {1990},

  Date-added               = {2011-12-06 15:08:31 +0100},
  Date-modified            = {2014-05-13 10:46:12 +0200}
}

@TechReport{steiner_etal_2012,
  Title                    = {{Documentation of the Tax-Benefit Microsimulation Model STSM: Version 2012}},
  Author                   = {Viktor Steiner and Katharina Wrohlich and Peter Haan and Johannes Geyer},
  Institution              = {DIW Berlin, German Institute for Economic Research},
  Year                     = {2012},
  Number                   = {63},
  Type                     = {Data Documentation},

  Date-added               = {2012-04-16 16:33:52 +0200},
  Date-modified            = {2012-04-16 16:39:11 +0200}
}

@InCollection{stern_1986,
  Title                    = {On the specification of labour supply functions},
  Author                   = {Nicholas Stern},
  Booktitle                = {Unemployment, search and labour supply},
  Publisher                = {Cambridge University Press},
  Year                     = {1986},
  Chapter                  = {9},
  Editor                   = {Richard Blundell and Ian Walker},
  Pages                    = {143-189},

  Date-added               = {2013-01-10 22:21:22 +0100},
  Date-modified            = {2013-01-10 22:23:41 +0100}
}

@Book{train_2009,
  Title                    = {Discrete Choice Methods with Simulation},
  Author                   = {Kenneth E. Train},
  Publisher                = {Cambridge University Press},
  Year                     = {2009},
  Edition                  = {second},

  Date-added               = {2012-01-19 15:13:36 +0100},
  Date-modified            = {2012-04-04 23:54:52 +0200}
}

@Article{tummers_woittiez_1991,
  Title                    = {{A Simultaneous Wage and Labor Supply Model With Hours Restrictions}},
  Author                   = {Martijn P. Tummers and Isolde Woittiez},
  Journal                  = {Journal of Human Resources},
  Number                   = {3},
  Pages                    = {393-423},
  Volume                   = {26},
  Year                     = {1991},

  Date-added               = {2012-04-19 20:10:32 +0200},
  Date-modified            = {2014-05-13 10:45:53 +0200}
}

@Book{verbeek_2009,
  Title                    = {A Guide to Modern Econometrics},
  Author                   = {Marno Verbeek},
  Publisher                = {John Wiley \& Sons},
  Year                     = {2009},
  Edition                  = {third},

  Date-added               = {2012-04-24 22:49:28 +0200},
  Date-modified            = {2012-04-24 22:50:48 +0200}
}

@Article{wagner_etal_2007,
  Title                    = {{The German Socio-Economic Panel Study (SOEP) -- Scope, Evolution and Enhancements}},
  Author                   = {Gert G. Wagner and Joachim R. Frick and J{\"u}rgen Schupp},
  Journal                  = {Journal of Applied Social Science Studies},
  Number                   = {1},
  Pages                    = {139-169},
  Volume                   = {127},
  Year                     = {2007},

  Date-added               = {2013-01-19 16:15:07 +0100},
  Date-modified            = {2014-05-13 10:46:28 +0200}
}

@Article{zabalza_etal_1980,
  Title                    = {{Social Security and the Choice Between Full-Time Work, Part-Time Work and Retirement}},
  Author                   = {Antoni Zabalza and Christopher Pissarides and M. Barton},
  Journal                  = {Journal of Public Economics},
  Number                   = {2},
  Pages                    = {245-276},
  Volume                   = {14},
  Year                     = {1980},
  Month                    = {October},

  Date-added               = {2012-03-11 12:45:07 +0100},
  Date-modified            = {2014-05-13 10:46:34 +0200}
}

@Article{Ziliak_Kniesner1999,
  Title                    = {Estimating Life-Cycle Labor Supply Tax Effects},
  Author                   = {Ziliak, James P. and Thomas J. Kniesner},
  Journal                  = {Journal of Political Economy},
  Pages                    = {326--359},
  Volume                   = {107(2)},
  Year                     = {1999},

  Owner                    = {ape},
  Timestamp                = {2014.06.24}
}

